@misc{twitchtracker,
	title="Most Watched Games on Twitch [Электронный ресурс]",
	howpublished="Режим доступа: \url{https://twitchtracker.com/games} (дата обращения: 08.09.2022)"
}

@misc{teamspirit,
	title="Tracing Team Spirit’s road from Russia to the Aegis of Champions [Электронный ресурс]",
	howpublished="Режим доступа: \url{https://www.redbull.com/int-en/team-spirit-road-to-world-champions-ti10} (дата обращения: 01.09.2022)"
}

@misc{dota2,
	title="What is Dota 2? [Электронный ресурс]",
	howpublished="Режим доступа: \url{https://www.hotspawn.com/dota2/guides/what-is-dota-2} (дата обращения: 14.09.2022)"
}

@misc{dpc,
	title="Dota Pro Circuit [Электронный ресурс]",
	howpublished="Режим доступа: \url{https://liquipedia.net/dota2/Dota_Pro_Circuit} (дата обращения: 11.09.2022)"
}

@misc{dotabuff,
	title="DOTABUFF [Электронный ресурс]",
	howpublished="Режим доступа: \url{https://www.dotabuff.com/pages/about} (дата обращения: 11.09.2022)"
}

@misc{opendota,
	title="OpenDota [Электронный ресурс]",
	howpublished="Режим доступа: \url{https://blog.opendota.com/2014/08/01/faq/} (дата обращения: 11.09.2022)"
}

@misc{postgre,
	title="PostgreSQL: Documentation [Электронный ресурс]",
	howpublished="Режим доступа: \url{https://www.postgresql.org/docs/current/index.html} (дата обращения: 21.09.2022)"
}

@misc{golang,
	title="The Go Programming Language: Documentation [Электронный ресурс]",
	howpublished="Режим доступа: \url{https://go.dev/doc/} (дата обращения: 21.09.2022)"
}

@misc{fyne,
	title="Fyne [Электронный ресурс]",
	howpublished="Режим доступа: \url{https://fyne.io/} 21.09.2022)"
}

@misc{cleancode,
	title="The Clean Architecture [Электронный ресурс]",
	howpublished="Режим доступа: \url{https://blog.cleancoder.com/uncle-bob/2012/08/13/the-clean-architecture.html} 21.09.2022)"
}

@misc{windows,
	title="Explore Windows 10. [Электронный ресурс]",
	howpublished="Режим доступа: \url{https://www.microsoft.com/en-us/windows/} (дата обращения: 02.10.2022)"
}

@misc{amd,
	title="AMD Processors [Электронный ресурс]",
	howpublished="Режим доступа: \url{https://www.amd.com/en/products/apu/amd-ryzen-5-4600h} (дата обращения: 02.10.2022)"
}









